@ARTICLE{elman,
    author = {Jeffrey L. Elman},
    title = {Finding structure in time},
    journal = {COGNITIVE SCIENCE},
    year = {1990},
    volume = {14},
    number = {2},
    pages = {179--211}
}

@incollection{jordan,
  address = {Institute for Cognitive Science Report 8604. University of California, San Diego},
  journal = {COGNITIVE SCIENCE},
  author = {Jordan, Michael I.},
  title = {Serial Order: {A} Parallel Distributed Processing Approach},
  year = 1986
}


@MISC{data,
  author = {The MathWorks Inc.},
  title = {Matlab {N}eural {N}etwork {T}oolbox {S}ample {D}ata {S}ets},
  year = {2013},
  howpublished={http://www.mathworks.com/help/nnet/gs/sample-data-sets.html}
}

@article{julia,
  author    = {Jeff Bezanson and
               Stefan Karpinski and
               Viral B. Shah and
               Alan Edelman},
  title     = {Julia: A Fast Dynamic Language for Technical Computing},
  journal   = {CoRR},
  volume    = {abs/1209.5145},
  year      = {2012},
  ee        = {http://arxiv.org/abs/1209.5145},
  bibsource = {DBLP, http://dblp.uni-trier.de}
}
